% INTRODUCTION, RAPPELS DES NOTIONS DE BASE

@book{polytopes,
  title={Lectures on polytopes},
  author={Ziegler, Günter M},
  volume={152},
  year={2012},
  publisher={Springer Science \& Business Media}
}


@book{abstractRegularPolytopes,
  title={Abstract regular polytopes},
  author={McMullen, Peter and Schulte, Egon},
  volume={92},
  year={2002},
  publisher={Cambridge University Press}
}

@book{incidenceGeometry,
  title={Polytopes, incidence geometry and computation},
  author={Leemans, Dimitri},
  note={to appear}
}

@book{cameronPermutationGroups,
  title={Permutation groups},
  author={Cameron, Peter J},
  volume={45},
  year={1999},
  publisher={Cambridge University Press}
}

@book{diestel2017graph,
  title={Graph theory},
  author={Diestel, Reinhard},
  year={2017},
  publisher={Springer Publishing Company, Incorporated}
}

% NOTIONS SPÉCIFIQUES

@article{cprGraph,
  title={{CPR} graphs and regular polytopes},
  author={Pellicer, Daniel},
  journal={European Journal of Combinatorics},
  volume={29},
  number={1},
  pages={59--71},
  year={2008},
  publisher={Elsevier}
}


% ARTICLES PLUS SPÉCIALISÉS

@article{highRankAlternating,
  title={Polytopes of high rank for the alternating groups},
  author={Fernandes, Maria Elisa and Leemans, Dimitri and Mixer, Mark},
  journal={Journal of Combinatorial Theory, Series A},
  volume={119},
  number={1},
  pages={42--56},
  year={2012},
  publisher={Elsevier}
}

@article{A12PolytopesRank,
  title={All Alternating Groups {$A_n$} with {$n\ge 12$} Have Polytopes of Rank {$\left\lfloor\frac{n-1}{2}\right\rfloor$}},
  author={Fernandes, Maria Elisa and Leemans, Dimitri and Mixer, Mark},
  journal={SIAM Journal on Discrete Mathematics},
  volume={26},
  number={2},
  pages={482--498},
  year={2012},
  publisher={SIAM}
}

@article{highestRankOfAn,
  title={Highest rank of a polytope for {$A_n$}},
  author={Cameron, Peter J and Fernandes, Maria Elisa and Leemans, Dimitri and Mixer, Mark},
  journal={Proceedings of the London Mathematical Society},
  year={2017},
  publisher={Wiley Online Library}
}

@article{highRankSym,
  title={Polytopes of high rank for the symmetric groups},
  author={Fernandes, Maria Elisa and Leemans, Dimitri},
  journal={Advances in mathematics},
  volume={228},
  number={6},
  pages={3207--3222},
  year={2011},
  publisher={Elsevier}
}

@article{leemansTransactions,
  title={An extension of the classification of high rank regular polytopes},
  author={Fernandes, Maria Elisa and Leemans, Dimitri and Mixer, Mark},
  journal={Transactions of the American Mathematical Society},
  year={to appear},
  publisher={American Mathematical Society}
}

% Classifications

@article{buekenhout1996list,
  title={On the list of finite primitive permutation groups of degree $\le$ 50},
  author={Buekenhout, Francis and Leemans, Dimitri},
  journal={Journal of Symbolic Computation},
  volume={22},
  number={2},
  pages={215--225},
  year={1996},
  publisher={Elsevier}
}

@article{connor2013atlas,
  title={An atlas of subgroup lattices of finite almost simple groups},
  author={Connor, Thomas and Leemans, Dimitri},
  journal={arXiv preprint arXiv:1306.4820},
  year={2013}
}

@article{atlasPolytopes,
  title={An atlas of abstract regular polytopes for small groups},
  author={Leemans, Dimitri and Vauthier, Laurence},
  journal={Aequationes mathematicae},
  volume={72},
  number={3},
  pages={313--320},
  year={2006},
  publisher={Springer}
}

% Programmes

@article {magma,
    AUTHOR = {Bosma, Wieb and Cannon, John and Playoust, Catherine},
     TITLE = {The {M}agma algebra system. {I}. {T}he user language},
      NOTE = {Computational algebra and number theory (London, 1993)},
   JOURNAL = {J. Symbolic Comput.},
  FJOURNAL = {Journal of Symbolic Computation},
    VOLUME = {24},
      YEAR = {1997},
    NUMBER = {3-4},
     PAGES = {235--265},
      ISSN = {0747-7171},
   MRCLASS = {68Q40},
  MRNUMBER = {MR1484478},
       DOI = {10.1006/jsco.1996.0125},
       URL = {http://dx.doi.org/10.1006/jsco.1996.0125},
}
